<?xml version="1.0" encoding="UTF-8"?><collection xmlns="http://www.loc.gov/MARC21/slim"><record><leader>00525nam--2200193-i-4500</leader><controlfield tag="001">000014600</controlfield><controlfield tag="002">20161230</controlfield><controlfield tag="005">20161230201030</controlfield><controlfield tag="008">060222s1000------------r-----000-0-rum-d</controlfield><datafield ind1=" " ind2=" " tag="040"><subfield code="a">IFIN-HH</subfield></datafield><datafield ind1=" " ind2=" " tag="041"><subfield code="a">rum</subfield></datafield><datafield ind1=" " ind2=" " tag="080"><subfield code="a">531.011(075.8)</subfield></datafield><datafield ind1="1" ind2=" " tag="100"><subfield code="a">Merches, Ioan</subfield></datafield><datafield ind1="1" ind2="0" tag="245"><subfield code="a">Mecanica analitica si a mediilor deformabile</subfield><subfield code="c">Ioan Merches, Lucian Burlacu</subfield></datafield><datafield ind1=" " ind2=" " tag="260"><subfield code="a">Bucuresti, Editura Didactica Si Pedag., 1983</subfield></datafield><datafield ind1=" " ind2=" " tag="300"><subfield code="a">282 P</subfield></datafield><datafield ind1=" " ind2=" " tag="700"><subfield code="a">Burlacu, Lucian</subfield></datafield><datafield ind1=" " ind2=" " tag="852"><subfield code="a">71486</subfield><subfield code="c">531</subfield></datafield><datafield ind1=" " ind2=" " tag="CAT"><subfield code="a">Sys</subfield><subfield code="c">20100701</subfield><subfield code="h">103044</subfield></datafield></record></collection>